% References for LaTeX Template
% Compatible with BibLaTeX

@online{biblatex-bibtex-compatibility,
  title = {BibLaTeX and BibTeX Compatibility Guide},
  author = {{LaTeX Project Team}},
  url = {https://ctan.org/pkg/biblatex},
  urldate = {2025-06-26},
  year = {2024},
  keywords = {latex,bibliography},
}

@software{git,
  title = {Git},
  author = {Torvalds, Linus},
  url = {https://git-scm.com/},
  version = {2.41.0},
  date = {2005-04-03},
  keywords = {version-control,software},
  note = {Distributed version control system},
}

@online{golang-docs,
  title = {The Go Programming Language Documentation},
  author = {{The Go Team}},
  url = {https://golang.org/doc/},
  urldate = {2025-06-26},
  year = {2024},
  keywords = {golang,programming,documentation},
  organization = {Google},
}

@software{gin-framework,
  title = {Gin Web Framework},
  author = {{Gin Contributors}},
  url = {https://github.com/gin-gonic/gin},
  version = {v1.9.1},
  date = {2023-07-18},
  keywords = {golang,web,framework},
  note = {HTTP web framework written in Go},
}

% Additional examples for different entry types

@article{sample-article,
  title = {A Sample Academic Article},
  author = {Smith, John and Doe, Jane},
  journal = {Journal of Computer Science},
  volume = {42},
  number = {3},
  pages = {123--145},
  year = {2023},
  doi = {10.1000/sample.doi},
  keywords = {computer-science,research},
}

@book{sample-book,
  title = {Programming in Go: A Comprehensive Guide},
  author = {Developer, Senior},
  publisher = {Tech Publications},
  year = {2024},
  edition = {2nd},
  isbn = {978-0-123456-78-9},
  keywords = {golang,programming,book},
}

@inproceedings{sample-conference,
  title = {Modern Approaches to Concurrent Programming},
  author = {Researcher, Lead and Assistant, Research},
  booktitle = {Proceedings of the International Conference on Programming Languages},
  pages = {45--52},
  year = {2023},
  organization = {ACM},
  keywords = {concurrency,programming},
}

@manual{sample-manual,
  title = {Go Language Specification},
  author = {{The Go Team}},
  organization = {Google},
  year = {2024},
  url = {https://golang.org/ref/spec},
  urldate = {2025-06-26},
  keywords = {golang,specification},
}
